% Webpage Link / URL
%
@webpage{mouse,
	title  = {The Mouse Tumor Biology Database},
	url = {http://tumor.informatics.jax.org/cancer\_links.html}
}
%%%%%%%%
@INPROCEEDINGS{Ester96adensity-based,
    author = {Martin Ester and Hans-Peter Kriegel and Jörg Sander and Xiaowei Xu},
    title = {A density-based algorithm for discovering clusters in large spatial databases with noise},
    booktitle = {},
    year = {1996},
    pages = {226--231},
    publisher = {AAAI Press}
}
@article{Kullback1951information,
  title={On information and sufficiency},
  author={Kullback, Solomon and Leibler, Richard A},
  journal={The annals of mathematical statistics},
  volume={22},
  number={1},
  pages={79--86},
  year={1951},
  publisher={JSTOR}
}
@article{Cao2015streaming,
  title={Streaming algorithms for identification of pathogens and antibiotic resistance potential from real-time {MinION} sequencing},
  author={Cao, Minh Duc and Ganesamoorthy, Devika and Elliott, Alysha and Zhang, Huihui and Cooper, Matthew and Coin, Lachlan},
  journal={bioRxiv},
  pages={019356},
  year={2015},
  publisher={Cold Spring Harbor Labs Journals}
}
@article{Karlsson2015,
  title={Scaffolding of a bacterial genome using {MinION} nanopore sequencing},
  author={Karlsson, E and L{\"a}rkeryd, A and Sj{\"o}din, A and Forsman, M and Stenberg, P},
  journal={Scientific reports},
  volume={5},
  year={2015},
  publisher={Nature Publishing Group}
}

@article{Koren2013,
  title = {{Reducing Assembly Complexity of Microbial Genomes with Single-Molecule Sequencing}},
  author = {Koren, Sergey and Harhay, Gregory and Smith, Timothy and Bono, James and Harhay, Dayna and Mcvey, Scott and Radune, Diana and Bergman, Nicholas and Phillippy, Adam M},
  journal = {Genome Biology},
  number = {9},
  pages = {R101},
  pmid = {24034426},
  volume = {14},
  year = {2013}
}
@article{Tange2011,
  title = {GNU Parallel - The Command-Line Power Tool},
  author = {O. Tange},
  address = {Frederiksberg, Denmark},
  journal = {;login: The USENIX Magazine},
  month = {Feb},
  number = {1},
  volume = {36},
  url = {http://www.gnu.org/s/parallel},
  year = {2011},
  pages = {42-47},
  doi = {10.5281/zenodo.16303}
}
@article{Li2009,
  title={Fast and accurate short read alignment with Burrows--Wheeler transform},
  author={Li, Heng and Durbin, Richard},
  journal={Bioinformatics},
  volume={25},
  number={14},
  pages={1754--1760},
  year={2009},
  publisher={Oxford Univ Press}
}
@article{Loman2015,
  title={A complete bacterial genome assembled de novo using only nanopore sequencing data},
  author={Loman, Nicholas James and Quick, Joshua and Simpson, Jared T},
  journal={Nat Meth},
  volume={12},
  pages={733-735},
  year={2015},
  publisher={Nature Publishing Group, a division of Macmillan Publishers Limited. All Rights Reserved},
  doi = {110.1038/nmeth.3444}
}
@article{Quick2014,
  title = {{A Reference Bacterial Genome Dataset Generated on the \{MinION\} Portable Single-molecule Nanopore Sequencer}},
  author = {Quick, Joshua and Quinlan, Aaron R and Loman, Nicholas J},
  journal = {GigaScience},
  number = {1},
  pages = {22},
  volume = {3},
  year = {2014}
}
@article{Zerbino2008,
  title = {{Velvet: algorithms for de novo short read assembly using de Bruijn graphs.}},
  author = {Zerbino, Daniel R and Birney, Ewan},
  journal = {Genome research},
  number = {5},
  pages = {821--9},
  pmid = {18349386},
  url = {http://www.ncbi.nlm.nih.gov/pubmed/18349386},
  volume = {18},
  year = {2008}
}
@article{Simpson2009,
  author = {Simpson, Jared T. and Wong, Kim and Jackman, Shaun D. and Schein, Jacqueline E. and Jones, Steven J M and Birol, Inan{\c{c}}},
  journal = {Genome Research},
  number = {6},
  pages = {1117--1123},
  pmid = {19251739},
  title = {{ABySS: A parallel assembler for short read sequence data}},
  volume = {19},
  year = {2009}
}
@article{Eid2009,
  title = {{Real-time DNA sequencing from single polymerase molecules.}},
  author = {Eid, John and Fehr, Adrian and Gray, Jeremy and Luong, Khai and Turner, Stephen and others},
  journal = {Science (New York, N.Y.)},
  number = {5910},
  pages = {133--138},
  pmid = {19023044},
  volume = {323},
  year = {2009}
}
@article{Berlin2015,
  title = {{Assembling Large Genomes with Single-Molecule Sequencing and Locality Sensitive Hashing}},
  author = {Berlin, Konstantin and Koren, Sergey and Chin, Chen-shan and Drake, James and Jane, M},
  journal = {Nat Biotech},
  pages = {623--630},
  volume = {33},
  year = {2015}
}
@article{Ribeiro2012,
  title = {{Finished bacterial genomes from shotgun sequence data.}},
  author = {Ribeiro, Filipe J and Przybylski, Dariusz and Yin, Shuangye and Sharpe, Ted and Gnerre, Sante and Abouelleil, Amr and Berlin, Aaron M and Montmayeur, Anna and Shea, Terrance P and Walker, Bruce J and Young, Sarah K and Russ, Carsten and Nusbaum, Chad and MacCallum, Iain and Jaffe, David B},
  journal = {Genome research},
  number = {11},
  pages = {2270--7},
  pmid = {22829535},
  volume = {22},
  year = {2012}
}
@article{Alikhan2011,
  title = {{BLAST Ring Image Generator (BRIG): simple prokaryote genome comparisons.}},
  author = {Alikhan, Nabil-Fareed and Petty, Nicola K and {Ben Zakour}, Nouri L and Beatson, Scott A},
  journal = {BMC genomics},
  number = {1},
  pages = {402},
  pmid = {21824423},
  url = {http://www.biomedcentral.com/1471-2164/12/402},
  volume = {12},
  year = {2011}
}
@article{Daligault2014,
  title={Draft genome assembly of Klebsiella pneumoniae type strain ATCC 13883},
  author={Daligault, HE and Davenport, KW and Minogue, TD and Bishop-Lilly, KA and Bruce, DC and Chain, PS and Coyne, SR and Frey, KG and Jaissle, J and Koroleva, GI and others},
  journal={Genome announcements},
  volume={2},
  number={5},
  pages={e00939--14},
  year={2014},
  publisher={Am Soc Microbiol}
}
@article{Hudson2014,
  title = {{Resistance determinants and mobile genetic elements of an NDM-1-encoding Klebsiella pneumoniae strain.}},
  author = {Hudson, Corey M and Bent, Zachary W and Meagher, Robert J and Williams, Kelly P},
  issn = {1932-6203},
  journal = {PloS one},
  mendeley-groups = {Scaffolding},
  number = {6},
  pages = {e99209},
  pmid = {24905728},
  volume = {9},
  year = {2014}
}
@article{Riley2006,
  title={Escherichia coli K-12: a cooperatively developed annotation snapshot—2005},
  author={Riley, Monica and Abe, Takashi and Arnaud, Martha B and Berlyn, Mary KB and Blattner, Frederick R and Chaudhuri, Roy R and Glasner, Jeremy D and Horiuchi, Takashi and Keseler, Ingrid M and Kosuge, Takehide and others},
  journal={Nucleic acids research},
  volume={34},
  number={1},
  pages={1--9},
  year={2006},
  publisher={Oxford Univ Press}
}
@article{Magoc2013,
title = {{GAGE-B: An evaluation of genome assemblers for bacterial organisms}},
author = {Magoc, Tanja and Pabinger, Stephan and Canzar, Stefan and Liu, Xinyue and Su, Qi and Puiu, Daniela and Tallon, Luke J. and Salzberg, Steven L.},
journal = {Bioinformatics},
number = {14},
pages = {1718--1725},
pmid = {23665771},
volume = {29},
year = {2013}
}
@article{Kurtz2004,
  title={Versatile and open software for comparing large genomes},
  author={Kurtz, Stefan and Phillippy, Adam and Delcher, Arthur L and Smoot, Michael and Shumway, Martin and Antonescu, Corina and Salzberg, Steven L},
  journal={Genome biology},
  volume={5},
  number={2},
  pages={R12},
  year={2004},
  publisher={BioMed Central Ltd}
}
@article{Carattoli2014,
  title={PlasmidFinder and pMLST: in silico detection and typing of plasmids},
  author={Carattoli, Alessandra and Zankari, Ea and Garc{\`\i}a-Fernandez, Aurora and Larsen, Mette Volby and Lund, Ole and Villa, Laura and Aarestrup, Frank M{\o}ller and Hasman, Henrik},
  journal={Antimicrobial agents and chemotherapy},
  pages={AAC--02412},
  year={2014},
  publisher={Am Soc Microbiol}
}
@article{Gurevich2013,
  title={{QUAST: quality assessment tool for genome assemblies}},
  author={Gurevich, Alexey and Saveliev, Vladislav and Vyahhi, Nikolay and Tesler, Glenn},
  journal={Bioinformatics},
  volume={29},
  number={8},
  pages={1072--1075},
  year={2013},
  publisher={Oxford Univ Press}
}
@online{Picard,
  author = {Wysoker, Alec and Tibbetts, Kathleen and Fennell,Tim},
  title = {Picard tools version 1.90},
  year = 2013,
  url = {http://picard.sourceforge.net},
  urldate = {2013-04-22}
}
@article{Baker2012,
  title={Structural variation: the genome's hidden architecture},
  author={Baker, Monya},
  journal={Nature methods},
  volume={9},
  number={2},
  pages={133--137},
  year={2012},
  publisher={Nature Publishing Group}
}
@article{Casjens1998,
  title={The diverse and dynamic structure of bacterial genomes},
  author={Casjens, Sherwood},
  journal={Annual review of genetics},
  volume={32},
  number={1},
  pages={339--377},
  year={1998},
  publisher={Annual Reviews 4139 El Camino Way, PO Box 10139, Palo Alto, CA 94303-0139, USA}
}
@article{Peng2011,
  title={{Meta-IDBA}: a de Novo assembler for metagenomic data},
  author={Peng, Yu and Leung, Henry CM and Yiu, Siu-Ming and Chin, Francis YL},
  journal={Bioinformatics},
  volume={27},
  number={13},
  pages={i94--i101},
  year={2011},
  publisher={Oxford Univ Press}
}
@article{Namiki2012,
  title={{MetaVelvet}: an extension of Velvet assembler to de novo metagenome assembly from short sequence reads},
  author={Namiki, Toshiaki and Hachiya, Tsuyoshi and Tanaka, Hideaki and Sakakibara, Yasubumi},
  journal={Nucleic acids research},
  volume={40},
  number={20},
  pages={e155--e155},
  year={2012},
  publisher={Oxford Univ Press}
}

@article{Laserson2011,
  title={Genovo: de novo assembly for metagenomes},
  author={Laserson, Jonathan and Jojic, Vladimir and Koller, Daphne},
  journal={Journal of Computational Biology},
  volume={18},
  number={3},
  pages={429--443},
  year={2011},
  publisher={Mary Ann Liebert, Inc.}
}
@article{Wick2015,
  title={Bandage: interactive visualization of de novo genome assemblies},
  author={Wick, Ryan R and Schultz, Mark B and Zobel, Justin and Holt, Kathryn E},
  journal={Bioinformatics},
  pages={btv383},
  year={2015},
  publisher={Oxford Univ Press}
}
@article{Sanger1977,
  title={{DNA} sequencing with chain-terminating inhibitors},
  author={Sanger, Frederick and Nicklen, Steven and Coulson, Alan R},
  journal={Proceedings of the National Academy of Sciences},
  volume={74},
  number={12},
  pages={5463--5467},
  year={1977},
  publisher={National Acad Sciences}
}
@article{Liu2012,
  title={Comparison of next-generation sequencing systems},
  author={Liu, Lin and Li, Yinhu and Li, Siliang and Hu, Ni and He, Yimin and Pong, Ray and Lin, Danni and Lu, Lihua and Law, Maggie},
  journal={BioMed Research International},
  volume={2012},
  year={2012},
  publisher={Hindawi Publishing Corporation}
}
@article{Simpson2015,
  title={The theory and practice of genome sequence assembly},
  author={Simpson, Jared T and Pop, Mihai},
  journal={Annual review of genomics and human genetics},
  volume={16},
  pages={153--172},
  year={2015},
  publisher={Annual Reviews}
}
@article{Ning2001,
  title={{SSAHA}: a fast search method for large {DNA} databases},
  author={Ning, Zemin and Cox, Anthony J and Mullikin, James C},
  journal={Genome research},
  volume={11},
  number={10},
  pages={1725--1729},
  year={2001},
  publisher={Cold Spring Harbor Lab}
}
@article{Kasianowicz1996,
  title={Characterization of individual polynucleotide molecules using a membrane channel},
  author={Kasianowicz, John J and Brandin, Eric and Branton, Daniel and Deamer, David W},
  journal={Proceedings of the National Academy of Sciences},
  volume={93},
  number={24},
  pages={13770--13773},
  year={1996},
  publisher={National Acad Sciences}
}
@misc{Church1998,
  title={Characterization of individual polymer molecules based on monomer-interface interactions},
  author={Church, George and Deamer, David W and Branton, Daniel and Baldarelli, Richard and Kasianowicz, John},
  year={1998},
  month=aug # "~18",
  publisher={Google Patents},
  note={US Patent 5,795,782}
}
@article{Clarke2009,
  title={Continuous base identification for single-molecule nanopore DNA sequencing},
  author={Clarke, James and Wu, Hai-Chen and Jayasinghe, Lakmal and Patel, Alpesh and Reid, Stuart and Bayley, Hagan},
  journal={Nature nanotechnology},
  volume={4},
  number={4},
  pages={265--270},
  year={2009},
  publisher={Nature Publishing Group}
}
@article{Ronaghi1996,
  title={Real-time {DNA} sequencing using detection of pyrophosphate release},
  author={Ronaghi, Mostafa and Karamohamed, Samer and Pettersson, Bertil and Uhl{\'e}n, Mathias and Nyr{\'e}n, P{\aa}l},
  journal={Analytical biochemistry},
  volume={242},
  number={1},
  pages={84--89},
  year={1996},
  publisher={Elsevier}
}
@article{Ronaghi1998,
  title={A sequencing method based on real-time pyrophosphate},
  author={Ronaghi, Mostafa and Uhl{\'e}n, Mathias and Nyren, Pal},
  journal={Science},
  volume={281},
  number={5375},
  pages={363},
  year={1998},
  publisher={The American Association for the Advancement of Science}
}
@article{Watson1953,
  title={Molecular structure of nucleic acids},
  author={Watson, James D and Crick, Francis HC and others},
  journal={Nature},
  volume={171},
  number={4356},
  pages={737--738},
  year={1953}
}
%%% list of WGS projects
@article{Fleischmann1995,
  title={Whole-genome random sequencing and assembly of {Haemophilus influenzae Rd}},
  author={Fleischmann, Robert D and Adams, Mark D and White, Owen and Clayton, Rebecca A and others},
  journal={Science},
  volume={269},
  number={5223},
  pages={496},
  year={1995},
  publisher={The American Association for the Advancement of Science}
}
@article{Goffeau1996,
  title={Life with 6000 genes},
  author={Goffeau, Andr{\'e} and Barrell, Bart G and Bussey, Howard and Davis, RW and others},
  journal={Science},
  volume={274},
  number={5287},
  pages={546},
  year={1996},
  publisher={The American Association for the Advancement of Science}
}
@article{Sequencing1998,
  title={$\{$Genome sequence of the nematode $ C. elegans $: A platform for investigating biology$\}$},
  author={The C. elegans Sequencing Consortium},
  journal={Science},
  volume={282},
  pages={2012--2018},
  year={1998}
}
@article{Chinwalla2002,
  title={Initial sequencing and comparative analysis of the mouse genome},
  author={Chinwalla, Asif T and Cook, Lisa L and Delehaunty, Kimberly D and Fewell, Ginger A and Fulton, Lucinda A and Fulton, Robert S and Graves, Tina A and Hillier, LaDeana W and Mardis, Elaine R and McPherson, John D and others},
  journal={Nature},
  volume={420},
  number={6915},
  pages={520--562},
  year={2002},
  publisher={Nature Publishing Group}
}
@article{International2004,
  title={Finishing the euchromatic sequence of the human genome},
  author={International Human Genome Sequencing Consortium},
  journal={Nature},
  volume={431},
  number={7011},
  pages={931--945},
  year={2004},
  publisher={Nature Publishing Group}
}
%% OLC first introduced
@article{Staden1979,
  title={A strategy of DNA sequencing employing computer programs},
  author={Staden, R},
  journal={Nucleic acids research},
  volume={6},
  number={7},
  pages={2601--2610},
  year={1979},
  publisher={Oxford Univ Press}
}
%% a good review
@article{LiZ2012,
  title={Comparison of the two major classes of assembly algorithms: overlap--layout--consensus and de-bruijn-graph},
  author={Li, Zhenyu and Chen, Yanxiang and Mu, Desheng and Yuan, Jianying and Shi, Yujian and Zhang, Hao and Gan, Jun and Li, Nan and Hu, Xuesong and Liu, Binghang and others},
  journal={Briefings in functional genomics},
  volume={11},
  number={1},
  pages={25--37},
  year={2012},
  publisher={Oxford University Press}
}
%% DBG first introduced
@article{Idury1995,
  title={A new algorithm for DNA sequence assembly},
  author={Idury, Ramana M and Waterman, Michael S},
  journal={Journal of computational biology},
  volume={2},
  number={2},
  pages={291--306},
  year={1995}
}
%% greedy assemblers
@article{Green1999,
  title={Documentation for {PHRAP} and {CROSSMATCH} (Version 0.990319)},
  author={Green, Phil},
  journal={University of Washington, Seattle},
  year={1999}
}
@article{Huang1999,
  title={{CAP3: A DNA sequence assembly program}},
  author={Huang, Xiaoqiu and Madan, Anup},
  journal={Genome research},
  volume={9},
  number={9},
  pages={868--877},
  year={1999},
  publisher={Cold Spring Harbor Lab}
}
@article{Sutton1995,
  title={{TIGR Assembler: A new tool for assembling large shotgun sequencing projects}},
  author={Sutton, Granger G and White, Owen and Adams, Mark D and Kerlavage, Anthony R},
  journal={Genome Science and Technology},
  volume={1},
  number={1},
  pages={9--19},
  year={1995}
}
%%sanger sequencing usage
@article{Freeman2009,
  title={Profiling the {T-cell} receptor beta-chain repertoire by massively parallel sequencing},
  author={Freeman, J Douglas and Warren, Ren{\'e} L and Webb, John R and Nelson, Brad H and Holt, Robert A},
  journal={Genome research},
  volume={19},
  number={10},
  pages={1817--1824},
  year={2009},
  publisher={Cold Spring Harbor Lab}
}
%% pacbio sequencing
@article{Rhoads2015,
  title={PacBio sequencing and its applications},
  author={Rhoads, Anthony and Au, Kin Fai},
  journal={Genomics, proteomics \& bioinformatics},
  volume={13},
  number={5},
  pages={278--289},
  year={2015},
  publisher={Elsevier}
}
%% hmm
@article{Baum1970,
  title={A maximization technique occurring in the statistical analysis of probabilistic functions of {M}arkov chains},
  author={Baum, Leonard E and Petrie, Ted and Soules, George and Weiss, Norman},
  journal={The annals of mathematical statistics},
  volume={41},
  number={1},
  pages={164--171},
  year={1970},
  publisher={JSTOR}
}
@article{Baum1966,
  title={Statistical inference for probabilistic functions of finite state {M}arkov chains},
  author={Baum, Leonard E and Petrie, Ted},
  journal={The annals of mathematical statistics},
  volume={37},
  number={6},
  pages={1554--1563},
  year={1966},
  publisher={JSTOR}
}
@article{Maitra2012,
  title={Recent advances in nanopore sequencing},
  author={Maitra, Raj D and Kim, Jungsuk and Dunbar, William B},
  journal={Electrophoresis},
  volume={33},
  number={23},
  pages={3418--3428},
  year={2012},
  publisher={Wiley Online Library}
}
@article{Mikheenko2016,
  title={{MetaQUAST}: evaluation of metagenome assemblies},
  author={Mikheenko, Alla and Saveliev, Vladislav and Gurevich, Alexey},
  journal={Bioinformatics},
  volume={32},
  number={7},
  pages={1088--1090},
  year={2016},
  publisher={Oxford Univ Press}
}
@article{Prjibelski2014,
  title={{ExSPAnder}: a universal repeat resolver for {DNA} fragment assembly},
  author={Prjibelski, Andrey D and Vasilinetc, Irina and Bankevich, Anton and Gurevich, Alexey and Krivosheeva, Tatiana and Nurk, Sergey and Pham, Son and Korobeynikov, Anton and Lapidus, Alla and Pevzner, Pavel A},
  journal={Bioinformatics},
  volume={30},
  number={12},
  pages={i293--i301},
  year={2014},
  publisher={Oxford Univ Press}
}
%%for the bacterial data
@article{Judge2015,
  title={Early insights into the potential of the {Oxford Nanopore MinION} for the detection of antimicrobial resistance genes},
  author={Judge, Kim and Harris, Simon R and Reuter, Sandra and Parkhill, Julian and Peacock, Sharon J},
  journal={Journal of Antimicrobial Chemotherapy},
  volume={70},
  number={10},
  pages={2775--2778},
  year={2015},
  publisher={Br Soc Antimicrob Chemo}
}
@article{Risse2015,
  title={{A single chromosome assembly of Bacteroides fragilis strain BE1 from Illumina and MinION nanopore sequencing data}},
  author={Risse, Judith and Thomson, Marian and Patrick, Sheila and Blakely, Garry and Koutsovoulos, Georgios and Blaxter, Mark and Watson, Mick},
  journal={GigaScience},
  volume={4},
  number={1},
  pages={1},
  year={2015},
  publisher={BioMed Central}
}
@article{Pezzulo2013,
  title={{Abundant DNase I-sensitive bacterial DNA in healthy porcine lungs and its implications for the lung microbiome}},
  author={Pezzulo, Alejandro A and Kelly, Patrick H and Nassar, Boulos S and Rutland, Cedric J and Gansemer, Nicholas D and Dohrn, Cassie L and Costello, Andrew J and Stoltz, David A and Zabner, Joseph},
  journal={Applied and environmental microbiology},
  volume={79},
  number={19},
  pages={5936--5941},
  year={2013},
  publisher={Am Soc Microbiol}
}
@article{Kozich2013,
  title={Development of a dual-index sequencing strategy and curation pipeline for analyzing amplicon sequence data on the {MiSeq Illumina} sequencing platform},
  author={Kozich, James J and Westcott, Sarah L and Baxter, Nielson T and Highlander, Sarah K and Schloss, Patrick D},
  journal={Applied and environmental microbiology},
  volume={79},
  number={17},
  pages={5112--5120},
  year={2013},
  publisher={Am Soc Microbiol}
}
@article{Cao2017scaffolding,
  title={{Scaffolding and completing genome assemblies in real-time with nanopore sequencing}},
  author={Cao, Minh Duc and Nguyen, Son Hoang and Ganesamoorthy, Devika and Elliott, Alysha G and Cooper, Matthew A and Coin, Lachlan JM},
  journal={Nature Communications}, 
  volume={8},
  pages={14515},
  year={2017},
  publisher={Nature Publishing Group}
}
@article{Nguyen2017barcode,
  title={{Real-time demultiplexing Nanopore barcoded sequencing data with npBarcode}},
  author={Nguyen, Son Hoang and Duarte, Tania PS and Coin, Lachlan JM and Cao, Minh Duc},
  journal={Bioinformatics},
  volume={33},
  number={24},
  pages={3988--3990},
  year={2017},
  publisher={Oxford University Press}
}
@article{Wick2017unicycler,
  title={Unicycler: resolving bacterial genome assemblies from short and long sequencing reads},
  author={Wick, Ryan R and Judd, Louise M and Gorrie, Claire L and Holt, Kathryn E},
  journal={PLOS Computational Biology},
  volume={13},
  number={6},
  pages={e1005595},
  year={2017},
  publisher={Public Library of Science}
}
@article{Nurk2017metaspades,
  title={{metaSPAdes: a new versatile metagenomic assembler}},
  author={Nurk, Sergey and Meleshko, Dmitry and Korobeynikov, Anton and Pevzner, Pavel A},
  journal={Genome Research},
  volume={27},
  number={5},
  pages={824--834},
  year={2017},
  publisher={Cold Spring Harbor Lab}
}
@article{teng2018chiron,
  title={{Chiron: Translating nanopore raw signal directly into nucleotide sequence using deep learning}},
  author={Teng, Haotian and Cao, Minh Duc and Hall, Michael B and Duarte, Tania and Wang, Sheng and Coin, Lachlan JM},
  journal={GigaScience},
  volume={7},
  number={5},
  pages={giy037},
  year={2018},
  publisher={Oxford University Press}
}